
%Example
@ARTICLE{artikel1,
    author="Firstname Lastname",
    title="Title",
    journal="Journal",
    year="2017"
}


@ARTICLE{Algen1985,
    author="Geoffrey T. Evans and John S. Parslow", 
    title="A Model of Annual Plankton Cycles", 
    year="1985", 
    journal="Biological Oceanography", 
    volume="3", 
    number="3", 
    pages="327-347"
}

\cite{Algen1985}